@article{AprileDoke2009,
      author         = "Aprile, E. and Doke, T.",
      title          = "{Liquid Xenon Detectors for Particle Physics and
                        Astrophysics}",
      journal        = "Rev. Mod. Phys.",
      volume         = "82",
      year           = "2010",
      pages          = "2053-2097",
      doi            = "10.1103/RevModPhys.82.2053",
      eprint         = "0910.4956",
      archivePrefix  = "arXiv",
      primaryClass   = "physics.ins-det",
      SLACcitation   = "%%CITATION = ARXIV:0910.4956;%%"
}

@article{IDRvol2,
      author         = "Abi, B. and others",
      title          = "{The DUNE Far Detector Interim Design Report, Volume 2:
                        Single-Phase Module}",
      collaboration  = "DUNE",
      year           = "2018",
      eprint         = "1807.10327",
      archivePrefix  = "arXiv",
      primaryClass   = "physics.ins-det",
      reportNumber   = "FERMILAB-DESIGN-2018-03",
      SLACcitation   = "%%CITATION = ARXIV:1807.10327;%%"
}

@article{Bunemann1949,
      author         = "Bunemann, O. and others",
      title          = "{Design of grid ionization chambers}",
      year           = "1949",
      journal        = {{Canadian Journal of Research}},
      pages          = {191--206},
}

@book{EmissionDetectorsBook,
    author           = {Alexander I. Bolozdynya},
    title            = {Emission Detectors},
    publisher        = {World Scintific},
    year             = {2010},
    pages            = {59-60}
}

@article{Bakale,
author = {Bakale, George and Sowada, Ulrich and Schmidt, Werner},
year = {1976},
month = {11},
pages = {},
title = {Effect of an electric field on electron attachment to sulfur hexafluoride, nitrous oxide, and molecular oxygen in liquid argon and xenon},
volume = {80},
journal = {The Journal of Physical Chemistry},
doi = {10.1021/j100564a006}
}

@article{Buckley1989,
author = {Buckley, Eugennie and Campanella, Mauro and Carugno, G and Cattadori, Carla Maria and Gonidec, A and Munoz, Raul and Ochsenbein, S and Rubbia, Carlo and Schinzel, D and Schmidt, Werner and Seidl, W},
year = {1989},
month = {02},
pages = {364-372},
title = {A study of ionization electrons drifting over large distances in liquid argon},
volume = {275},
journal = {Nuclear Instruments and Methods in Physics Research Section A: Accelerators, Spectrometers, Detectors and Associated Equipment},
doi = {10.1016/0168-9002(89)90710-9}
}